@book{htsp,
    title = "Heuristics for the traveling salesman problem",
    author = "Codenotti B., Margara L",
    publisher = "Internal note",
    year = 1991
}

